@article{Clarke2015-CLAFWA-2,
	volume = {3},
	title = {Free {W}ill and {A}gential {P}owers},
	pages = {6--33},
	journal = {Oxford Studies in Agency and Moral Responsibility},
	year = {2015},
	author = {Randolph Clarke and Thomas Reed}
}
@article{Cohen2017-COHFDF-5,
	year = {2017},
	author = {Yishai Cohen},
	volume = {82},
	title = {Fischer's {D}eterministic {F}rankfurt-{S}tyle {A}rgument},
	number = {1},
	pages = {121--140},
	journal = {Erkenntnis}
}
@article{Fara2008-FARMAA-8,
	year = {2008},
	author = {M. Fara},
	publisher = {Oxford University Press},
	volume = {117},
	title = {Masked {A}bilities and {C}ompatibilism},
	number = {468},
	journal = {Mind},
	pages = {843--865}
}
@article{Fischer2010-FISTFC,
	number = {3},
	journal = {Philosophical Review},
	pages = {315--336},
	volume = {119},
	title = {The {F}rankfurt {C}ases: {T}he {M}oral of the {S}tories},
	author = {John Martin Fischer},
	publisher = {Duke University Press},
	year = {2010}
}
@article{Frankfurt1969-FRAMRA-2,
	year = {1969},
	author = {Harry Frankfurt},
	title = {Moral {R}esponsibility and the {P}rinciple of {A}lternative {P}ossibilities},
	volume = {66},
	pages = {829--839},
	journal = {Journal of Philosophy}
}
@article{Goetz2005-GOEFCA,
	author = {Stewart C. Goetz},
	year = {2005},
	number = {1},
	pages = {83--105},
	journal = {Midwest Studies in Philosophy},
	volume = {29},
	title = {Frankfurt-{S}tyle {C}ounterexamples and {B}egging the {Q}uestion}
}
@book{Korsgaard2009-KORSAI,
	title = {Self-Constitution: Agency, Identity, and Integrity},
	year = {2009},
	publisher = {Oxford University Press},
	author = {Christine M. Korsgaard}
}
@article{Palmer2014-PALDFC,
	author = {David Palmer},
	year = {2014},
	number = {16},
	journal = {Synthese},
	pages = {3847--3864},
	volume = {191},
	title = {Deterministic {F}rankfurt {C}ases}
}
@book{Pereboom2014-PERFWA-2,
	author = {Derk Pereboom},
	publisher = {Oxford University Press},
	year = {2014},
	title = {Free {W}ill, {A}gency, and {M}eaning in {L}ife}
}
@book{Pereboom2001-PERLWF-3,
	year = {2001},
	title = {Living Without Free Will},
	author = {Derk Pereboom},
	publisher = {Cambridge University Press}
}
@book{Alfred1995-RMEAAF-2,
	author = {R. Mele Alfred},
	publisher = {Oxford University Press},
	year = {1995},
	title = {Autonomous Agents: From Self Control to Autonomy}
}
@book{Vihvelin2013-VIHCLA,
	year = {2013},
	title = {Causes, Laws, and Free Will: Why Determinism Doesn't Matter},
	author = {Kadri Vihvelin},
	publisher = {Oxford University Press}
}
@article{Vihvelin2004-VIHFWD,
	volume = {32},
	title = {Free {W}ill {D}emystified: {A} {D}ispositional {A}ccount},
	number = {1/2},
	pages = {427--450},
	journal = {Philosophical Topics},
	year = {2004},
	author = {Kadri Vihvelin},
	publisher = {University of Arkansas Press}
}
@article{Watson1996-WATTFO-4,
	author = {Gary Watson},
	publisher = {University of Arkansas Press},
	year = {1996},
	number = {2},
	pages = {227--248},
	journal = {Philosophical Topics},
	volume = {24},
	title = {Two {F}aces of {R}esponsibility}
}
@article{Wolf1980-WOLAF,
	volume = {77},
	title = {Asymmetrical {F}reedom},
	number = {March},
	journal = {Journal of Philosophy},
	pages = {151--66},
	year = {1980},
	author = {Susan Wolf},
	publisher = {Journal of Philosophy Inc}
}