%% This BibTeX bibliography file was created using BibDesk.
%% http://bibdesk.sourceforge.net/

%% Created for Derek Lam at 2017-10-15 09:31:37 -0400 


%% Saved with string encoding Unicode (UTF-8) 



@book{vellema1989,
	Author = {Velleman, D.},
	Date-Added = {2017-10-15 13:29:55 +0000},
	Date-Modified = {2017-10-15 13:30:25 +0000},
	Publisher = {Princeton University Press},
	Title = {Practical Reflection},
	Year = {1989}}

@incollection{thompson2011,
	Author = {Thompson, M.},
	Booktitle = {Essays on Anscombe's Intention},
	Date-Added = {2017-10-15 13:27:53 +0000},
	Date-Modified = {2017-10-15 13:29:29 +0000},
	Editor = {Anton Ford \& Jennifer Hornsby \& Frederick Stoutland},
	Pages = {198-210},
	Publisher = {Harvard Uiversity Press},
	Title = {Anscombe's \emph{{I}ntention} and {P}ractical {K}nowledge},
	Year = {2011}}

@incollection{small2012,
	Author = {Small, W.},
	Booktitle = {Rethinking Epistemology},
	Date-Added = {2017-10-15 13:26:31 +0000},
	Date-Modified = {2017-10-15 13:27:51 +0000},
	Editor = {Guenter Abel \& James Conant},
	Pages = {133-228},
	Publisher = {De Gruyter},
	Title = {Practical {K}nowledge and the {S}tructure of {A}ction},
	Volume = {2},
	Year = {2012}}

@article{setiya2008,
	Author = {Setiya, K.},
	Date-Added = {2017-10-15 13:25:58 +0000},
	Date-Modified = {2017-10-15 13:26:30 +0000},
	Journal = {Ethics},
	Pages = {388-409},
	Title = {Practical {K}nowledge},
	Volume = {118},
	Year = {2008}}

@article{setiya2009,
	Author = {Setiya, K.},
	Date-Added = {2017-10-15 13:25:16 +0000},
	Date-Modified = {2017-10-15 13:25:57 +0000},
	Journal = {Ethics},
	Pages = {128-137},
	Title = {Practical {K}nowledge {R}evisited},
	Volume = {120},
	Year = {2009}}

@article{schwenkler2011,
	Author = {Schwenkler, J.},
	Date-Added = {2017-10-15 13:24:35 +0000},
	Date-Modified = {2017-10-15 13:25:15 +0000},
	Journal = {Philosophical Exploration},
	Number = {2},
	Pages = {137-152},
	Title = {Perception and {P}ractical {K}nowledge},
	Volume = {14},
	Year = {2011}}

@article{schwenkler2015,
	Author = {Schwenkler, J.},
	Date-Added = {2017-10-15 13:23:45 +0000},
	Date-Modified = {2017-10-15 13:24:33 +0000},
	Journal = {Philosophers' Imprint},
	Number = {15},
	Pages = {1-32},
	Title = {Unverstanding ``{P}ractical {K}nowledge"},
	Volume = {15},
	Year = {2015}}

@article{spaul2009,
	Author = {Paul, S.K.},
	Date-Added = {2017-10-15 13:22:42 +0000},
	Date-Modified = {2017-10-15 13:23:31 +0000},
	Journal = {Philosophers' Imprint},
	Number = {11},
	Pages = {1-24},
	Title = {How {W}e {K}now {W}hat {W}e're {D}oing},
	Volume = {9},
	Year = {2009}}

@article{spaul2012,
	Author = {Paul, S.K.},
	Date-Added = {2017-10-15 13:21:36 +0000},
	Date-Modified = {2017-10-15 13:22:41 +0000},
	Journal = {Philosophical Studies},
	Pages = {327-346},
	Title = {How {W}e {K}now {W}hat {W}e {I}ntend},
	Volume = {161},
	Year = {2012}}

@article{spaul2015,
	Author = {Paul, S.K.},
	Date-Added = {2017-10-15 13:20:34 +0000},
	Date-Modified = {2017-10-15 13:21:35 +0000},
	Journal = {Philosophical Studies},
	Pages = {1529-1548},
	Title = {The {T}ransparency of {I}ntention},
	Volume = {172},
	Year = {2015}}

@book{moran2001,
	Author = {Moran, R.},
	Date-Added = {2017-10-15 13:19:38 +0000},
	Date-Modified = {2017-10-15 13:20:28 +0000},
	Publisher = {Princeton University Press},
	Title = {Authority and Estrangement: An Essay on Self-Knowledge},
	Year = {2001}}

@incollection{moran2004,
	Author = {Moran, R.},
	Booktitle = {Agency and Action},
	Date-Added = {2017-10-15 13:17:20 +0000},
	Date-Modified = {2017-10-15 13:19:36 +0000},
	Editor = {John Hyman \& Helen Steward},
	Pages = {43-68},
	Publisher = {Cambridge University Press},
	Series = { Royal Institute of Philosophy Supplement 55},
	Title = {Anscombe on ``{P}ractical {K}nowledge"},
	Year = {2004}}

@book{kripkeNN,
	Author = {Kripke, S.},
	Date-Added = {2017-10-15 13:16:45 +0000},
	Date-Modified = {2017-10-15 13:17:15 +0000},
	Publisher = {Harvard University Press},
	Title = {Naming and Necessity},
	Year = {1980}}

@article{korman2010,
	Author = {Korman, D.},
	Date-Added = {2017-10-15 13:15:29 +0000},
	Date-Modified = {2017-10-15 13:16:44 +0000},
	Journal = {Philosophical Studies},
	Pages = {387-393},
	Title = {The {C}ontingent A Priori and the {P}ublicity of A Priori},
	Volume = {149},
	Year = {2010}}

@incollection{newstead2006,
	Author = {Newstead, A.},
	Booktitle = {Aspects of Knowing},
	Date-Added = {2017-10-15 05:11:59 +0000},
	Date-Modified = {2017-10-15 05:13:36 +0000},
	Editor = {Stephen Hetherington},
	Pages = {183-202},
	Publisher = {Elsevier Science},
	Title = {Knowledge by {I}ntention? {O}n the {P}ossibility of {A}gent's {K}nowledge},
	Year = {2006}}

@article{jeshionkripke,
	Author = {Jeshion, R.},
	Date-Added = {2017-10-15 05:11:08 +0000},
	Date-Modified = {2017-10-15 05:11:58 +0000},
	Journal = {Philosophy and Phenomenological Research},
	Pages = {111-135},
	Title = {Donnellan on {N}eptune},
	Volume = {63},
	Year = {2001}}

@article{Gruenbarum,
	Author = {Gr{\"u}nbraum, T.},
	Date-Added = {2017-10-15 05:09:01 +0000},
	Date-Modified = {2017-10-15 05:10:08 +0000},
	Journal = {Philosophy and Phenomenological Research},
	Number = {2},
	Pages = {295-318},
	Title = {Seeing {W}hat {I} Am {D}oing},
	Volume = {86},
	Year = {2013}}

@incollection{barnesdependence,
	Author = {Barnes, E.},
	Booktitle = {Reality and its Structure},
	Date-Added = {2017-10-15 05:07:17 +0000},
	Date-Modified = {2017-10-15 05:08:04 +0000},
	Publisher = {OUP},
	Title = {Symmetric {D}ependence},
	Year = {forthcoming}}

@book{anscombeintention,
	Author = {Anscombe, G.E.M.},
	Date-Added = {2017-10-15 05:06:09 +0000},
	Date-Modified = {2017-10-15 05:06:53 +0000},
	Publisher = {Harvard University Press},
	Title = {Intention},
	Year = {2000}}
