%% This BibTeX bibliography file was created using BibDesk.
%% http://bibdesk.sourceforge.net/

%% Created for Derek Lam at 2017-10-16 20:10:23 -0400 


%% Saved with string encoding Unicode (UTF-8) 



@incollection{cruz_pollock2004,
	Author = {Cruz, Joe and Pollock, John},
	Booktitle = {The Externalist Challenge},
	Date-Added = {2017-10-17 00:06:24 +0000},
	Date-Modified = {2017-10-17 00:09:59 +0000},
	Editor = {Richard Schantz},
	Pages = {125-42},
	Publisher = {De Gruyter},
	Title = {The {C}himerical {A}ppeal of {E}pistemic {E}xternalism},
	Year = {2004}}

@book{coady1992,
	Author = {Coady, C. A. J.},
	Date-Added = {2017-10-17 00:05:34 +0000},
	Date-Modified = {2017-10-17 00:06:11 +0000},
	Publisher = {OUP},
	Title = {Testimony: A Philosophical Study},
	Year = {1992}}

@article{cameron2009,
	Author = {Cameron, R.},
	Date-Added = {2017-10-17 00:03:49 +0000},
	Date-Modified = {2017-10-17 00:05:08 +0000},
	Journal = {Philosophy and Phenomenological Research},
	Number = {1},
	Pages = {1-16},
	Title = {What's {M}etaphysical about {M}etaphysical {N}ecessity},
	Volume = {79},
	Year = {2009}}

@incollection{cameron2010,
	Author = {Cameron, R.},
	Booktitle = {Modality: Metaphysics, Logic and Epistemology},
	Date-Added = {2017-10-17 00:01:59 +0000},
	Date-Modified = {2017-10-17 00:05:24 +0000},
	Editor = {B. Hale \& A. Hoffman},
	Pages = {137-151},
	Publisher = {OUP},
	Title = {On the {S}ource of {N}ecessity},
	Year = {2010}}

@book{brandom2008,
	Author = {Brandom, R.},
	Date-Added = {2017-10-16 04:40:11 +0000},
	Date-Modified = {2017-10-16 04:40:40 +0000},
	Publisher = {OUP},
	Title = {Between Saying \& Doing: Towards an Analytic Pragmatism},
	Year = {2008}}

@book{blackburn1984,
	Author = {Blackburn, S.},
	Date-Added = {2017-10-16 04:39:22 +0000},
	Date-Modified = {2017-10-16 04:40:08 +0000},
	Publisher = {OUP},
	Title = {Spreading the Word: Groundings in the Philosophy of Language},
	Year = {1984}}

@incollection{bealer2002,
	Author = {Bealer, G.},
	Booktitle = {Conceivability and Possibility},
	Date-Added = {2017-10-16 04:34:31 +0000},
	Date-Modified = {2017-10-16 04:39:20 +0000},
	Editor = {Tamar Szab\'o Gendler and John Hawthorne},
	Pages = {71-126},
	Publisher = {OUP},
	Title = {Modal Epistemology and the Rationalist Renaissnce},
	Year = {2002}}
	
@article{Fiocco2007,
	number = {2},
	pages = {364-380},
	year = {2007},
	volume = {74},
	author = {M. Oreste Fiocco},
	journal = {Philosophy and Phenomenological Research},
	title = {Conceivability, {I}magination and {M}odal {K}nowledge},
	publisher = {International Phenomenological Society}}
	
@book{Foley2001,
	title = {Intellectual Trust in Oneself and Others},
	publisher = {Cambridge University Press},
	year = {2001},
	author = {Richard Foley}
}

@article{Geirsson2005,
	volume = {122},
	journal = {Philosophical Studies},
	year = {2005},
	pages = {279--304},
	publisher = {Springer},
	title = {Conceivability and {D}efeasible {M}odal {J}ustification},
	number = {3},
	author = {Heimir Geirsson}
}

@incollection{Hale1993,
	year = {1993},
	pages = {337--63},
	publisher = {OUP},
	editor = {John Haldane and Crispin Wright},
	title = {Can {T}here Be a {L}ogic of {A}ttitudes?},
	booktitle = {Reality, Representation, and Projection},
	author = {Bob Hale}
}
@article{Hardwig1991,
	author = {John Hardwig},
	number = {12},
	journal = {Journal of Philosophy},
	pages = {693--708},
	title = {The {R}ole of {T}rust in {K}nowledge},
	year = {1991},
	publisher = {Journal of Philosophy Inc},
	volume = {88}
}

@article{Hills2013,
	pages = {552--559},
	publisher = {Wiley-Blackwell},
	journal = {Philosophy Compass},
	number = {6},
	year = {2013},
	title = {Moral {T}estimony},
	author = {Alison Hills},
	volume = {8}
}

@article{Ichikawa2012,
	year = {2012},
	pages = {127--158},
	author = {Jonathan Ichikawa and Benjamin Jarvis},
	journal = {No\^us},
	number = {1},
	volume = {46},
	title = {Rational {I}magination and {M}odal {K}nowledge}
}

@article{Jacobs2010,
	author = {Jonathan D. Jacobs},
	title = {A {P}owers {T}heory of {M}odality: {O}r, {H}ow {I} {L}earned to {S}top {W}orrying and {R}eject {P}ossible {W}orlds},
	pages = {227--248},
	year = {2010},
	number = {2},
	journal = {Philosophical Studies},
	volume = {151},
	publisher = {Springer}
}

@article{Lackey1999,
	journal = {Philosophical Quarterly},
	title = {Testimonial {K}nowledge and {T}ransmission},
	pages = {471--490},
	publisher = {Wiley-Blackwell},
	author = {Jennifer Lackey},
	year = {1999},
	number = {197},
	volume = {50}
}

@book{Lewis1986,
	title = {On the Plurality of Worlds},
	year = {1986},
	publisher = {Blackwell},
	author = {David K. Lewis}
}
@article{Lowe2012,
	volume = {121},
	number = {484},
	year = {2012},
	title = {What is the {S}ource of {O}ur {K}nowledge of {M}odal {T}ruths?},
	pages = {919--950},
	journal = {Mind},
	author = {E. J. Lowe}
}

@article{McGrath2011,
	number = {3},
	title = {Skepticism About {M}oral {E}xpertise as a {P}uzzle for {M}oral {R}ealism},
	volume = {108},
	journal = {Journal of Philosophy},
	author = {Sarah McGrath},
	publisher = {Journal of Philosophy Inc},
	year = {2011},
	pages = {111-137}
}

@book{Peacocke1998,
	title = {Being Known},
	publisher = {OUP},
	author = {Christopher Peacocke},
	year = {1998}
}

@book{Plantinga1974,
	year = {1974},
	author = {Alvin Plantinga},
	title = {The Nature of Necessity},
	publisher = {Clarendon Press}
}

@book{Pollock1999,
	year={1999},
	publisher={Rowman \& Littlefield Publisher},
	edition={2},
	author={Pollock, John},
	title={Contemporary Theories of Knowledge}
}

@article{Robson2012,
	title = {Aesthetic {T}estimony},
	number = {1},
	year = {2012},
	pages = {1--10},
	author = {Jon Robson},
	volume = {7},
	journal = {Philosophy Compass},
	publisher = {Wiley-Blackwell}
}

@article{Schroeder2008a,
	author = {Schroeder, Mark},
	number = {4},
	title = {How {E}xpressivists {C}an and {S}hould {S}olve {T}heir {P}roblem with {N}egation},
	publisher = {Wiley Online Library},
	year = {2008},
	journal = {No\^us},
	volume = {42},
	pages = {573-599}
}

@article{Schroeder2008b,
	year = {2008},
	number = {4},
	journal = {Philosophy Compass},
	pages = {703--720},
	title = {What is the {F}rege-{G}each {P}roblem?},
	volume = {3},
	publisher = {Wiley-Blackwell},
	author = {Mark Schroeder}
}
@book{Sider2011,
	title = {Writing the Book of the World},
	publisher = {OUP},
	year = {2011},
	author = {Theodore Sider}
}

@article{Thomasson2007,
	pages = {135-160},
	year = {2007},
	volume = {35},
	author = {Amie L. Thomasson},
	number = {1/2},
	publisher = {University of Arkansas Press},
	journal = {Philosophical Topics},
	title = {Modal {N}ormativism and the {M}ethods of {M}etaphysics}
}
@article{Wang2015,
	title = {Actualist {C}ounterpart {T}heory},
	author = {Jennifer Wang},
	volume = {112},
	pages = {417-441},
	journal = {Journal of Philosophy},
	number = {8},
	year = {2015}
}
@article{Wright1995,
	year = {1995},
	publisher = {Wiley-Blackwell},
	pages = {209-226},
	author = {Crispin Wright},
	title = {Truth in {E}thics},
	number = {3},
	volume = {8},
	journal = {Ratio}
}
@article{Yablo1993,
	pages = {1-42},
	volume = {53},
	journal = {Philosophy and Phenomenological Research},
	publisher = {International Phenomenological Society},
	number = {1},
	title = {Is {C}onceivability a {G}uide to {P}ossibility?},
	year = {1993},
	author = {Stephen Yablo}
}

@book{Zagzebski2012,
	publisher = {OUP},
	author = {Linda Zagzebski},
	title = {Epistemic Authority: A Theory of Trust, Authority, and Autonomy in Belief},
	year = {2012}
}
