@article{braddon2004we,
  title={How do we know it is now now?},
  author={Braddon-Mitchell, David},
  journal={Analysis},
  volume={64},
  number={283},
  pages={199--203},
  year={2004},
  publisher={Wiley Online Library}
}

@book{cameron2015moving,
  title={The Moving Spotlight: an essay on time and ontology},
  author={Cameron, Ross P},
  year={2015},
  publisher={OUP Oxford}
}

@book{french2006identity,
  title={Identity in physics: A historical, philosophical, and formal analysis},
  author={French, Steven and Krause, D{\'e}cio},
  year={2006},
  publisher={Oxford University Press}
}

@book{huggett2010everywhere,
  title={Everywhere and everywhen: adventures in physics and philosophy},
  author={Huggett, Nick},
  year={2010},
  publisher={Oxford University Press}
}

@book{pesic2003seeing,
  title={Seeing double: shared identities in physics, philosophy, and literature},
  author={Pesic, Peter},
  year={2003},
  publisher={MIT Press}
}

@book{psillos2005scientific,
  title={Scientific realism: How science tracks truth},
  author={Psillos, Stathis},
  year={2005},
  publisher={Routledge}
}

@article{chakravartty1998semirealism,
  title={Semirealism},
  author={Chakravartty, Anjan},
  journal={Studies in History and Philosophy of Science Part A},
  volume={29},
  number={3},
  pages={391--408},
  year={1998},
  publisher={Pergamon}
}

@article{quine1951ontology,
  title={Ontology and ideology},
  author={Quine, Willard Van},
  journal={Philosophical Studies},
  volume={2},
  number={1},
  pages={11--15},
  year={1951},
  publisher={Springer}
}

@article{roche2014evidence,
  title={Evidence of evidence is evidence under screening-off},
  author={Roche, William},
  journal={Episteme},
  volume={11},
  number={1},
  pages={119--124},
  year={2014},
  publisher={Cambridge University Press}
}


@article{Miller2016,
	Author = {Kristie Miller},
	Journal = {Metascience},
	Pages = {1--5},
	Title = {The Moving Spotlight Lights, and Having Lit, Moves On},
	Year = {2016}}

@article{Russell2016-RUSTSH,
	author = {Jeffrey Sanford Russell},
	volume = {50},
	title = {Temporary Safety Hazards},
	journal = {No\^us},
	pages = {152--174},
	year = {2016},
	number = {4}
}

@article{Merricks2006-MERITT,
	volume = {2},
	title = {Good-Bye Growing Block},
	pages = {103--110},
	journal = {Oxford Studies in Metaphysics},
	year = {2006},
	author = {Trenton Merricks}
}

@article{Markosian2004-MARADO,
	pages = {47--82},
	author = {Ned Markosian},
	year = {2004},
	number = {3},
	title = {A Defence of Presentism},
	volume = {1},
	journal = {Oxford Studies in Metaphysics}
}

@article{Lowe1994-LOWVIA-2,
	number = {2},
	pages = {110--114},
	year = {1994},
	journal = {Analysis},
	author = {E. J. Lowe},
	volume = {54},
	publisher = {Oxford University Press},
	title = {Vague Identity and Quantum Indeterminacy}
}

@article{Ladyman1998-LADWIS,
	number = {3},
	publisher = {Elsevier},
	author = {J. Ladyman},
	journal = {Studies in History and Philosophy of Science Part A},
	year = {1998},
	volume = {29},
	title = {What is Structural Realism?},
	pages = {409--424}
}

@article{kelly2005epistemic,
  title={The epistemic significance of disagreement},
  author={Kelly, Thomas},
  journal={Oxford studies in epistemology},
  volume={1},
  number={167-196},
  year={2005}
}

@article{heathwood2005real,
  title={The real price of the dead past: a reply to Forrest and to Braddon-Mitchell},
  author={Heathwood, Chris},
  journal={Analysis},
  volume={65},
  number={3},
  pages={249--251},
  year={2005},
  publisher={JSTOR}
}

@incollection{Christensen2013-CHREMD,
	publisher = {Oxford University Press},
	author = {David Christensen},
	pages = {77},
	editor = {David Christensen and Jennifer Lackey},
	title = {Epistemic Modesty Defended},
	year = {2013},
	booktitle = {The Epistemology of Disagreement: New Essays}
}

@book{christensen2013epistemology,
  title={The epistemology of disagreement: New essays},
  author={Christensen, David and Lackey, Jennifer},
  year={2013},
  publisher={OUP}
}

@book{van1985essay,
  title={An essay on free will},
  author={Van Inwagen, Peter},
  year={1985},
  publisher={OUP}
}

@article{christensen2010higher,
  title={Higher-Order Evidence},
  author={Christensen, David},
  journal={Philosophy and Phenomenological Research},
  volume={81},
  number={1},
  pages={185--215},
  year={2010},
  publisher={Wiley Online Library}
}

@article{forrest2004real,
  title={The real but dead past: a reply to Braddon-Mitchell},
  author={Forrest, Peter},
  journal={Analysis},
  volume={64},
  number={284},
  pages={358--362},
  year={2004},
  publisher={Wiley Online Library}
}

@article{fitelson2011evidence,
  title={Evidence of evidence is not (necessarily) evidence},
  author={Fitelson, Branden},
  journal={Analysis},
  volume={72},
  number={1},
  pages={85--88},
  year={2011},
  publisher={Oxford University Press}
}

@incollection{feldmaneee2014,
  author      = {Feldman, Richard},
  title       = {Evidence of Evidence is Evidence},
  editor      = {John Matheson and Rico Vitz},
  booktitle   = {The Ethics of Belief},
  publisher   = "Oxford University Press",
  year        =  2014,
  pages       = {284-99},

}

@incollection{feldmaneee2007,
  author      = {Feldman, Richard},
  title       = {Reasonable Religious Disagreement},
  editor      = {Louise Antony},
  booktitle   = {Philosophers Without Gods: Meditations on Atheism and the Secular},
  publisher   = "Oxford University Press",
  year        =  2007,
  pages       = {194-214},

}

@article{comesana2015evidence,
  title={Evidence of evidence is evidence (trivially)},
  author={Comesa{\~n}a, Juan and Tal, Eyal},
  journal={Analysis},
  volume={75},
  number={4},
  pages={557--559},
  year={2015},
  publisher={Oxford University Press}
}
