


@article{Armstrong1988-ARMAQR,
	journal = {Philosophical Studies},
	year = {1988},
	author = {D. M. Armstrong},
	publisher = {Springer},
	number = {3},
	title = {Are {Q}uantities {R}elations? {A} {R}eply to {B}igelow and {P}argetter},
	pages = {305--316},
	volume = {54}
}

@article{Ball2009-BALTAN-2,
	journal = {Mind},
	author = {Derek Ball},
	year = {2009},
	number = {472},
	publisher = {Oxford University Press},
	title = {There {A}re {N}o {P}henomenal {C}oncepts},
	pages = {935--962},
	volume = {118}
}

@article{Bigelow1988-BIGQ,
	author = {John Bigelow and Robert Pargetter and D. M. Armstrong},
	volume = {54},
	number = {3},
	publisher = {Springer},
	pages = {287--304},
	journal = {Philosophical Studies},
	title = {Quantities},
	year = {1988}
}

@article{Block2002-BLOTHP,
	pages = {391--425},
	year = {2002},
	volume = {99},
	publisher = {Journal of Philosophy Inc},
	journal = {Journal of Philosophy},
	author = {Ned Block},
	title = {The {H}arder {P}roblem of {C}onsciousness},
	number = {8}
}

@article{Byrne2003-BYRCAS,
	number = {3},
	year = {2003},
	publisher = {Wiley-Blackwell},
	journal = {Philosophy and Phenomenological Research},
	title = {Color and {S}imilarity},
	author = {Alex Byrne},
	volume = {66},
	pages = {641--65}
}

@article{Byrne2003-BYRCRA,
	volume = {26},
	year = {2003},
	author = {Alex Byrne and David R. Hilbert},
	title = {Color {R}ealism and {C}olor {S}cience},
	pages = {3--21},
	journal = {Behavioral and Brain Sciences},
	number = {1}
}

@article{Carruthers2003-CARPCA-3,
	journal = {Philosophy and Phenomenological Research},
	author = {Peter Carruthers},
	pages = {316--336},
	title = {Phenomenal {C}oncepts and {H}igher-{O}rder {E}xperiences},
	year = {2003},
	publisher = {Wiley-Blackwell},
	volume = {68},
	number = {2}
}

@article{Eddon2013-EDDQP,
	author = {Maya Eddon},
	pages = {633--645},
	journal = {Philosophy Compass},
	publisher = {Wiley-Blackwell},
	number = {7},
	volume = {8},
	title = {Quantitative {P}roperties},
	year = {2013}
}

@article{Jackson1982-JACEQ,
	title = {Epiphenomenal {Q}ualia},
	number = {April},
	year = {1982},
	journal = {Philosophical Quarterly},
	author = {Frank Jackson},
	publisher = {Wiley-Blackwell},
	pages = {127--136},
	volume = {32}
}

@article{Levine2010-LEVDT,
	number = {2},
	journal = {Mind and Language},
	title = {Demonstrative {T}hought},
	volume = {25},
	author = {Joseph Levine},
	pages = {169--195},
	publisher = {Scholarworks@Umass Amherst},
	year = {2010}
}

@article{Loar1990-LOAPS,
	pages = {81--108},
	author = {Brian Loar},
	journal = {Philosophical Perspectives},
	number = {n/a},
	volume = {4},
	publisher = {Ridgeview},
	year = {1990},
	title = {Phenomenal {S}tates}
}

@article{Mundy1987-MUNTMO-2,
	author = {Brent Mundy},
	pages = {29--54},
	title = {The {M}etaphysics of {Q}uantity},
	journal = {Philosophical Studies},
	year = {1987},
	publisher = {Springer},
	number = {1},
	volume = {51}
}

@article{Rupert1999-RUPTBT-2,
	pages = {321--355},
	year = {1999},
	number = {3},
	journal = {Mind and Language},
	author = {Robert D. Rupert},
	volume = {14},
	title = {The {B}est {T}est {T}heory of {E}xtension: {F}irst {P}rinciple({S})},
	publisher = {Wiley-Blackwell}
}

@article{Rupert2001-RUPCTI-2,
	journal = {Journal of Philosophy},
	author = {Robert D. Rupert},
	year = {2001},
	number = {10},
	publisher = {Journal of Philosophy},
	title = {Coining {T}erms In The {L}anguage of {T}hought: {I}nnateness, {E}mergence, and the {L}ot of {C}ummins's {A}rgument {A}gainst the {C}ausal {T}heory of {M}ental {C}ontent},
	volume = {98},
	pages = {499--530}
}

@article{Ryder2004-RYDSNA,
	year = {2004},
	author = {Dan Ryder},
	journal = {Mind and Language},
	volume = {19},
	pages = {211--240},
	title = {SINBaD {N}eurosemantics: {A} {T}heory of {M}ental {R}epresentation},
	publisher = {Wiley-Blackwell},
	number = {2}
}

@article{Shapiro2012-SHAAP,
	number = {1},
	journal = {Analysis},
	author = {L. Shapiro and E. Sober},
	year = {2012},
	pages = {89--93},
	title = {Against {P}roportionality},
	volume = {72}
}

@article{Schroer2010-SCHWTB,
	year = {2010},
	volume = {88},
	journal = {Australasian Journal of Philosophy},
	author = {Robert Schroer},
	number = {3},
	title = {Where's the Beef? Phenomenal Concepts as Both Demonstrative and Substantial},
	pages = {505--522},
	publisher = {Taylor & Francis}
}

@article{Yablo2003-YABCR,
	number = {1},
	author = {Stephen Yablo},
	volume = {13},
	journal = {Philosophical Issues},
	pages = {316--28},
	title = {Causal Relevance},
	year = {2003}
}

@article{Yablo1996-YABWCM,
	journal = {Philosophical Perspectives},
	pages = {251--281},
	title = {Wide Causation},
	publisher = {Blackwell},
	author = {S. Yablo},
	year = {1996},
	volume = {11},
	number = {11}
}

@article{Wilson2009-WILDRA-4,
	number = {1},
	pages = {149--169},
	publisher = {Springer},
	year = {2009},
	title = {Determination, Realization and Mental Causation},
	volume = {145},
	author = {Jessica M. Wilson},
	journal = {Philosophical Studies}
}

@article{Tye2003-TYEATO-3,
	pages = {91--105},
	title = {A {T}heory of {P}henomenal {C}oncepts},
	year = {2003},
	journal = {Royal Institute of Philosophy Supplement},
	author = {Michael Tye},
	publisher = {Cambridge University Press},
	volume = {53}
}





@incollection{Forge1987,
	author = {John Forge},
	booktitle = {Measurement, Realism and Objectivity},
	pages = {291--309},
	title = {Ellis's {T}heory of {Q}uantities},
	publisher = {Springer},
	year = {1987},
	editor = {John Forge}
}

@incollection{Swoyer1987,
	author = {Chris Swoyer},
	booktitle = {Measurement, Realism and Objectivity},
	pages = {235--290},
	title = {The {M}etaphysics of {M}easurement},
	publisher = {Springer},
	year = {1987},
	editor = {John Forge}
}

@incollection{Levin2006-LEVWIA,
	year = {2006},
	booktitle = {Phenomenal Concepts and Phenomenal Knowledge: New Essays on Consciousness and Physicalism},
	title = {What is a {P}henomenal {C}oncept?},
	publisher = {Oxford University Press},
	editor = {Torin Alter and Sven Walter},
	author = {Janet Levin}
}

@incollection{Levine2006-LEVPCA-2,
	title = {Phenomenal {C}oncepts and the {M}aterialist {C}onstraint},
	year = {2006},
	publisher = {Oxford University Press},
	editor = {Torin Alter and Sven Walter},
	booktitle = {Phenomenal Concepts and Phenomenal Knowledge: New Essays on Consciousness and Physicalism},
	author = {Joseph Levine}
}



@book{Dretske1981-DREKAT,
	author = {Fred Dretske},
	title = {Knowledge and the Flow of Information},
	year = {1981},
	publisher = {MIT Press}
}

@book{Dretske1988-DREEBR,
	author = {Fred Dretske},
	title = {Explaining Behavior: Reasons in a World of Causes},
	year = {1988},
	publisher = {MIT Press}
}

@book{Ellis1968-ELLBCO-2,
	year = {1968},
	title = {Basic Concepts of Measurement},
	author = {Brian Ellis},
	publisher = {Cambridge University Press}
}

@book{Fodor1987-FODPTP,
	year = {1987},
	publisher = {MIT Press},
	author = {Jerry A. Fodor},
	title = {Psychosemantics: The Problem of Meaning in the Philosophy of Mind}
}

@book{Price2001-PRIFIM,
	title = {Functions in Mind: A Theory of Intentional Content},
	year = {2001},
	author = {Carolyn S. Price},
	publisher = {Oxford University Press}
}

@book{Tye2000-TYECCA,
	year = {2000},
	author = {Michael Tye},
	title = {Consciousness, Color, and Content},
	publisher = {MIT Press}
}

@book{Tye2009-TYECRM,
	publisher = {MIT Press},
	title = {Consciousness Revisited: Materialism Without Phenomenal Concepts},
	author = {Michael Tye},
	year = {2009}
}

@book{Siegel2010-SIETCO-7,
	year = {2010},
	publisher = {Oxford University Press USA},
	title = {The Contents of Visual Experience},
	author = {Susanna Siegel}
}





